% Litteraturlistan f√∂r AI och Bias/Transparens

@online{moralmachine,
  title = {The Moral Machine},
  author = {{MIT Media Lab}},
  year = {2016},
  url = {https://www.moralmachine.net/},
  urldate = {2025-05-28}
}
@book{barocas2023fairness,
  author = {Barocas, Solon and Hardt, Moritz and Narayanan, Arvind},
  title = {Fairness and Machine Learning: Limitations and Opportunities},
  year = {2023},
  url = {https://fairmlbook.org/},
  note = {Online book}
}

@article{dastin2018amazon,
  author = {Dastin, Jeffrey},
  title = {Amazon scraps secret AI recruiting tool that showed bias against women},
  journal = {Reuters},
  year = {2018},
  month = {October},
  url = {https://www.reuters.com/article/us-amazon-com-jobs-automation-insight-idUSKCN1MK08G}
}
